@inproceedings{enmyren2010skepu,
  title={SkePU: a multi-backend skeleton programming library for multi-GPU systems},
  author={Enmyren, Johan and Kessler, Christoph W},
  booktitle={Proceedings of the fourth international workshop on High-level parallel programming and applications},
  pages={5--14},
  year={2010},
  organization={ACM}
}
@inproceedings{archirapatkave2011gpgpu,
  title={GPGPU acceleration algorithm for medical image reconstruction},
  author={Archirapatkave, Virasin and Sumilo, Hendra and See, Simon Chong Wee and Achalakul, Tiranee},
  booktitle={Parallel and Distributed Processing with Applications (ISPA), 2011 IEEE 9th International Symposium on},
  pages={41--46},
  year={2011},
  organization={IEEE}
}
@inproceedings{thompson2002gpgpu,
  title={Using modern graphics architectures for general-purpose computing: a framework and analysis},
  author={Thompson, Chris J and Hahn, Sahngyun and Oskin, Mark},
  booktitle={Microarchitecture, 2002.(MICRO-35). Proceedings. 35th Annual IEEE/ACM International Symposium on},
  pages={306--317},
  year={2002},
  organization={IEEE}
}
@article{nyland2007fast,
  title={Fast n-body simulation with cuda},
  author={Nyland, Lars and Harris, Mark and Prins, Jan and others},
  journal={GPU gems},
  volume={3},
  number={31},
  pages={677--695},
  year={2007},
  publisher={Addison Wesley}
}

@inproceedings{fang2011comprehensive,
  title={A comprehensive performance comparison of CUDA and OpenCL},
  author={Fang, Jianbin and Varbanescu, Ana Lucia and Sips, Henk},
  booktitle={Parallel Processing (ICPP), 2011 International Conference on},
  pages={216--225},
  year={2011},
  organization={IEEE}
}
@article{karimi2010performance,
  title={A performance comparison of CUDA and OpenCL},
  author={Karimi, Kamran and Dickson, Neil G and Hamze, Firas},
  journal={arXiv preprint arXiv:1005.2581},
  year={2010}
}

@article{singh1995load,
  title={Load balancing and data locality in adaptive hierarchical N-body methods: Barnes-Hut, fast multipole, and radiosity},
  author={Singh, Jaswinder Pal and Holt, Chris and Totsuka, Takashi and Gupta, Anoop and Hennessy, John},
  journal={Journal of Parallel and Distributed Computing},
  volume={27},
  number={2},
  pages={118--141},
  year={1995},
  publisher={Elsevier}
}
@book{greengard1988rapid,
  title={The rapid evaluation of potential fields in particle systems},
  author={Greengard, Leslie},
  year={1988},
  publisher={MIT press}
}
@book{aarseth2003gravitational,
  title={Gravitational N-body simulations: tools and algorithms},
  author={Aarseth, Sverre J and Aarseth, Sverre Johannes},
  year={2003},
  publisher={Cambridge University Press}
}
@inproceedings{chen2009fast,
  title={A fast and flexible sorting algorithm with cuda},
  author={Chen, Shifu and Qin, Jing and Xie, Yongming and Zhao, Junping and Heng, Pheng-Ann},
  booktitle={International Conference on Algorithms and Architectures for Parallel Processing},
  pages={281--290},
  year={2009},
  organization={Springer}
}
@inproceedings{oliveira2011comparing,
  title={Comparing CUDA, OpenCL and OpenGL implementations of the cardiac monodomain equations},
  author={Oliveira, Rafael Sachetto and Rocha, Bernardo Martins and Amorim, Ronan Mendon{\c{c}}a and Campos, Fernando Otaviano and Meira, Wagner and Toledo, Elson Magalh{\~a}es and dos Santos, Rodrigo Weber},
  booktitle={International Conference on Parallel Processing and Applied Mathematics},
  pages={111--120},
  year={2011},
  organization={Springer}
}
@article{hamada2009novel,
  title={A novel multiple-walk parallel algorithm for the Barnes--Hut treecode on GPUs--towards cost effective, high performance N-body simulation},
  author={Hamada, Tsuyoshi and Nitadori, Keigo and Benkrid, Khaled and Ohno, Yousuke and Morimoto, Gentaro and Masada, Tomonari and Shibata, Yuichiro and Oguri, Kiyoshi and Taiji, Makoto},
  journal={Computer science-research and development},
  volume={24},
  number={1},
  pages={21--31},
  year={2009},
  publisher={Springer}
}

@article{burtscher2011efficient,
  title={An efficient CUDA implementation of the tree-based barnes hut n-body algorithm},
  author={Burtscher, Martin and Pingali, Keshav},
  journal={GPU computing Gems Emerald edition},
  volume={75},
  year={2011},
  publisher={Burlington: Morgan Kaufman}
}
@inproceedings{owens2007survey,
  title={A survey of general-purpose computation on graphics hardware},
  author={Owens, John D and Luebke, David and Govindaraju, Naga and Harris, Mark and Kr{\"u}ger, Jens and Lefohn, Aaron E and Purcell, Timothy J},
  booktitle={Computer graphics forum},
  volume={26},
  number={1},
  pages={80--113},
  year={2007},
  organization={Wiley Online Library}
}

@article{cederman2009gpu,
  title={Gpu-quicksort: A practical quicksort algorithm for graphics processors},
  author={Cederman, Daniel and Tsigas, Philippas},
  journal={Journal of Experimental Algorithmics (JEA)},
  volume={14},
  pages={4},
  year={2009},
  publisher={ACM}
}

@article{ciznicki2012benchmarking,
  title={Benchmarking data and compute intensive applications on modern CPU and GPU architectures},
  author={Ci{\.z}nicki, Mi{\l}osz and Kierzynka, Micha{\l} and Kopta, Piotr and Kurowski, Krzysztof and Gepner, Pawe{\l}},
  journal={Procedia Computer Science},
  volume={9},
  pages={1900--1909},
  year={2012},
  publisher={Elsevier}
}
@inproceedings{DirectComputeGUIDE,
  title={DirectCompute PROGRAMMING GUIDE},
  author={Nvidia},
  year={2010},
  organization={Nvidia}
}
@mastersthesis{Torbjorn,
  author       = {Sörman, Torbjörn}, 
  title        = {Comparison of Technologies for General-Purpose Computing on Graphics Processing Units},
  school       = {Linköping University},
  year         = 2016,
}

@inproceedings{green2007improved,
  title={Improved alpha-tested magnification for vector textures and special effects},
  author={Green, Chris},
  booktitle={ACM SIGGRAPH 2007 courses},
  pages={9--18},
  year={2007},
  organization={ACM}
}
@article{gustavson20122d,
  title={2D shape rendering by distance fields},
  author={Gustavson, Stefan},
  year={2012},
  publisher={CRC Press}
}
@article{CUDAtoOpenCL,
  title={From CUDA to OpenCL: Towards a performance-portable solution for multi-platform GPU programming},
  author={Du, Peng and Weber, Rick and Luszczek, Piotr and Tomov, Stanimire and Peterson, Gregory and Dongarra, Jack},
  journal={Parallel Computing},
  volume={38},
  number={8},
  pages={391--407},
  year={2012},
  publisher={Elsevier}
}
@article{gustavson2011anti,
  title={Anti-aliased Euclidean distance transform},
  author={Gustavson, Stefan and Strand, Robin},
  journal={Pattern Recognition Letters},
  volume={32},
  number={2},
  pages={252--257},
  year={2011},
  publisher={Elsevier}
}

@article{jones20063d,
  title={3D distance fields: A survey of techniques and applications},
  author={Jones, Mark W and Baerentzen, J Andreas and Sramek, Milos},
  journal={IEEE Transactions on visualization and Computer Graphics},
  volume={12},
  number={4},
  pages={581--599},
  year={2006},
  publisher={IEEE}
}
@article{ilic2015precise,
  title={Precise Euclidean distance transforms in 3D from voxel coverage representation},
  author={Ili{\'c}, Vladimir and Lindblad, Joakim and Sladoje, Nata{\v{s}}a},
  journal={Pattern Recognition Letters},
  volume={65},
  pages={184--191},
  year={2015},
  publisher={Elsevier}
}


@article{hoare1962quicksort,
  title={Quicksort},
  author={Hoare, Charles AR},
  journal={The Computer Journal},
  volume={5},
  number={1},
  pages={10--16},
  year={1962},
  publisher={Oxford University Press}
}
@misc{Ingemar9b,
  author        = {Ragnemalm, Ingemar},
  title         = {Lecture notes in Information Coding / Computer Graphics, ISY, LiTH},
  publisher     = {Linköping Universitet},
  howpublished = {\url{http://computer-graphics.se/multicore}},
  note = {Accessed: 2018-01-30}
}
@inproceedings{sanders1997efficient,
  title={Efficient massively parallel quicksort},
  author={Sanders, Peter and Hansch, Thomas},
  booktitle={International Symposium on Solving Irregularly Structured Problems in Parallel},
  pages={13--24},
  year={1997},
  organization={Springer}
}

@inproceedings{tsigas2003simple,
  title={A simple, fast parallel implementation of quicksort and its performance evaluation on SUN enterprise 10000},
  author={Tsigas, Philippas and Zhang, Yi},
  booktitle={Parallel, Distributed and Network-Based Processing, 2003. Proceedings. Eleventh Euromicro Conference on},
  pages={372--381},
  year={2003},
  organization={IEEE}
}

@article{manca2016cuda,
  title={CUDA-quicksort: an improved GPU-based implementation of quicksort},
  author={Manca, Emanuele and Manconi, Andrea and Orro, Alessandro and Armano, Giuliano and Milanesi, Luciano},
  journal={Concurrency and Computation: Practice and Experience},
  volume={28},
  number={1},
  pages={21--43},
  year={2016},
  publisher={Wiley Online Library}
}

@book{CPUStats,
  title={Adapting to Thrive in a New Economy of Memory Abundance},
  author={Kirk M. Bresniker, Sharad Singhal, R. Stanley Williams},
  year={2015},
}

@article{barnes1986hierarchical,
  title={A hierarchical O (N log N) force-calculation algorithm},
  author={Barnes, Josh and Hut, Piet},
  journal={nature},
  volume={324},
  number={6096},
  pages={446},
  year={1986},
  publisher={Nature Publishing Group}
}

@book{adams1995hitchhiker,
  title={The Hitchhiker's Guide to the Galaxy},
  author={Adams, D.},
  isbn={9781417642595},
  url={http://books.google.com/books?id=W-xMPgAACAAJ},
  year={1995},
  publisher={San Val}
}
