@ARTICLE{SamArthur,
   author = {Samuel, Arthur},
   title = {Some Studies in Machine Learning Using the Game of Checkers.},
   journal = {IBM Journal of Research and Development},
   volume = {3},
   year = {1959}
}

@ARTICLE{platformgame,
   author = {Nilsson, Christoffer},
   title = {Q-learning for platform game},
   journal = {\url{http://dellacqua.se/education/courses/tnm095/archive/2016/p4.pdf}},
   year = {2016}
}

@ARTICLE{AgarIO,
   author = {BÃ¤ck, Kristin, Bergman, Lars},
   title = {AgarAI},
   journal = {\url{http://dellacqua.se/education/courses/tnm095/archive/2016/p13.pdf}},
   year = {2016}
}

@ARTICLE{Q-learning-OG,
   author = {Watkins, Christopher},
   title = {Learning from Delayed Rewards},
   journal = {(unpublished doctoral thesis) King's College},
   volume = {1},
   year = {1989}
}

@misc{cuda,
  title = {{NVIDIA} CUDA},
  howpublished = {\url{https://www.geforce.com/hardware/technology/cuda}},
  note = {Accessed: 2017-10-12}
}

@misc{deep-q-snake,
	author = {Grattarola, Daniele},
  title = {{Playing Snake with Deep Q-Learning}},
  howpublished = {\url{https://github.com/danielegrattarola/deep-q-snake}},
  note = {Accessed: 2017-10-25}
}


@misc{deepmindWalking,
  title = {{DeepMind} Producing flexible behaviours in simulated environments},
  howpublished = {\url{https://deepmind.com/blog/producing-flexible-behaviours-simulated-environments/}},
  note = {Accessed: 2017-10-25}
}

@misc{opencl,
  title = {{Khronos Group} OpenCL},
  howpublished = {\url{https://www.khronos.org/opencl/}},
  note = {Accessed: 2017-10-12}
}

@misc{computeshader,
  title = {{Khronos Group} Compute Shader},
  howpublished = {\url{https://www.khronos.org/opengl/wiki/Compute_Shader}},
  note = {Accessed: 2017-10-12}
}

@misc{alphago,
  title = {{Deepmind} AlphaGo},
  howpublished = {\url{https://deepmind.com/research/alphago/}},
  note = {Accessed: 2017-10-12}
}

@misc{pygame,
  title = {{PyGame}},
  howpublished = {\url{https://www.pygame.org/}},
  note = {Accessed: 2017-10-12}
}

@misc{numpy,
  title = {{NumPy}},
  howpublished = {\url{http://www.numpy.org/}},
  note = {Accessed: 2017-10-12}
}



