

% ----------------------------------------------------------------%
% --------------------------- ARTICLES ---------------------------%
% ----------------------------------------------------------------%

@article{MooresLaw,
  title={Cramming more components onto integrated circuits},
  author={Present, I},
  journal={Readings in computer architecture},
  volume={56},
  year={2000}
}

@inproceedings{thompson2002gpgpu,
  title={Using modern graphics architectures for general-purpose computing: a framework and analysis},
  author={Thompson, Chris J and Hahn, Sahngyun and Oskin, Mark},
  booktitle={Microarchitecture, 2002.(MICRO-35). Proceedings. 35th Annual IEEE/ACM International Symposium on},
  pages={306--317},
  year={2002},
  organization={IEEE}
}

@article{CUDAtoOpenCL,
  title={From CUDA to OpenCL: Towards a performance-portable solution for multi-platform GPU programming},
  author={Du, Peng and Weber, Rick and Luszczek, Piotr and Tomov, Stanimire and Peterson, Gregory and Dongarra, Jack},
  journal={Parallel Computing},
  volume={38},
  number={8},
  pages={391--407},
  year={2012},
  publisher={Elsevier}
}

@inproceedings{enmyren2010skepu,
  title={SkePU: a multi-backend skeleton programming library for multi-GPU systems},
  author={Enmyren, Johan and Kessler, Christoph W},
  booktitle={Proceedings of the fourth international workshop on High-level parallel programming and applications},
  pages={5--14},
  year={2010},
  organization={ACM}
}

@book{CPUStats,
  title={Adapting to Thrive in a New Economy of Memory Abundance},
  author={Kirk M. Bresniker, Sharad Singhal, R. Stanley Williams},
  year={2015},
}

% ----------------------------------------------------------------%
% --------------------------- WEBSITES ---------------------------%
% ----------------------------------------------------------------%


@misc{LiUSkePU,
  title = {SkePU 2},
  howpublished = {\url{http://www.ida.liu.se/labs/pelab/skepu/}},
  note = {Accessed: 2018-01-25}
}

@misc{AboutCuda,
  title = {About Cuda},
  howpublished = {\url{https://developer.nvidia.com/about-cuda}},
  note = {Accessed: 2018-01-25}
}

@misc{KhronosOpenCL,
  title = {OpenCL Overview},
  howpublished = {\url{https://www.khronos.org/opencl/}},
  note = {Accessed: 2018-01-25}
}


@misc{NVidiaDirectCompute,
  title = {DirectCompute},
  howpublished = {\url{https://developer.nvidia.com/directcompute}},
  note = {Accessed: 2018-01-25}
}

